@article{li2015mixclone,
  title={MixClone: a mixture model for inferring tumor subclonal populations},
  author={Li, Yi and Xie, Xiaohui},
  journal={BMC genomics},
  volume={16},
  number={Suppl 2},
  pages={S1},
  year={2015},
  publisher={BioMed Central Ltd}
}
@article{gawad2016single,
  title={Single-cell genome sequencing: current state of the science},
  author={Gawad, Charles and Koh, Winston and Quake, Stephen R},
  journal={Nature Reviews Genetics},
  volume={17},
  number={3},
  pages={175--188},
  year={2016},
  publisher={Nature Publishing Group}
}
@techreport{bcite1,
  title={Foundations of Foundations},
  author={Lee, Lee and Lee},
  year={3000},
  institution={Harbin Institute of Technology}
}

@article{bcite2,
title={中文标题},
author={张三,李四和王五},
journal={Nature},
volume={33},
number={2},
pages={199--204},
year={3000},
publisher={Nature Publishing Group}
}
